%\bibitem{template} T.-Y. Lan, P.-N. Li, and T.-K. Lee, ``Method to enhance the resolution of x-ray coherent diffraction imaging for non-crystalline bio-samples'' New J. Phys. 16, 033016 (2014).
@article{template,
author = {T.-Y. Lan and P.-N. Li and  T.-K. Lee},
title = {Method to enhance the resolution of x-ray coherent diffraction imaging for non-crystalline bio-samples},
journal = {New J. Phys.},
volume = {6},
year = 2014,
}

%\bibitem{ref-obj} C. Kim, Y. Kim, C. Song, S. S. Kim, S. Kim, H. C. Kang, Y. Hwu, K.-D. Tsuei, K. S. Liang, and D. Y. Noh, Opt. Exp. 22, 29161 (2014).
@article{ref-obj,
author = {C. Kim and Y. Kim and C. Song and S. S. Kim and S. Kim and H. C. Kang and Y. Hwu and K.-D. Tsuei and K. S. Liang and D. Y. Noh},
title = {Resolution enhancement in coherent x-ray diffraction imaging by overcoming instrumental noise},
journal = {Opt. Exp.},
volume = {22},
pages = {29161},
year = 2014,
}

%\bibitem{shintake} T. Shintake, ``Possibility of single biomolecule imaging with coherent amplification of weak scattering x-ray photons,'' Phys. Rev. E 78, 041906 (2008).
@article{shintake,
author = {T. Shintake},
title = {Possibility of single biomolecule imaging with coherent amplification of weak scattering x-ray photons},
journal = {Phys. Rev. E},
volume = {78},
pages = {041906},
year = 2008,
}

%\bibitem{micro-liquid} T. Kimura, Y. Joti, A. Shibuya, C. Song, S. Kim, K. Tono, M. Yabashi, M. Tamakoshi, T. Moriya, T. Oshima, T. Ishikawa, Y. Bessho, and Y. Nishino, ``Imaging live cell in micro-liquid enclosure by X-ray laser diffraction,'' Nature Comm. 5, 3052 (2014).
@article{liquid-cell,
author = {T. Kimura and Y. Joti and A. Shibuya and C. Song and S. Kim and K. Tono and M. Yabashi and M. Tamakoshi and T. Moriya and T. Oshima and T. Ishikawa and Y. Bessho and Y. Nishino},
title = {Imaging live cell in micro-liquid enclosure by X-ray laser diffraction},
journal = {Nature Comm.},
volume = {5},
pages = {3052},
year = 2014,
}
%\bibitem{xfel-ssr} M. Gallagher-Jones, Y. Bessho, S. Kim, J. Park, S. Kim, D. Nam, C. Kim, Y. Kim, D. Y. Noh, O. Miyashita, F. Tama, Y. Joti, T. Kameshima, T. Hatsui, K. Tono, Y. Kohmura, M. Yabashi, S. S. Hasnain, T. Ishikawa, and C. Song, ``Macromolecular structures probed by combining single-shot free-electron laser diffraction with synchrotron coherent X-ray imaging,'' Nature Comm. 5, 3798 (2014).
@article{xfel-ssr,
author = {M. Gallagher-Jones and Y. Bessho and S. Kim and J. Park and S. Kim and D. Nam and C. Kim and Y. Kim and D. Y. Noh and O. Miyashita and F. Tama and Y. Joti and T. Kameshima and T. Hatsui and K. Tono and Y. Kohmura and M. Yabashi and S. S. Hasnain and T. Ishikawa and C. Song},
title = {Macromolecular structures probed by combining single-shot free-electron laser diffraction with synchrotron coherent X-ray imaging},
journal = {Nature Comm.},
volume = {5},
pages = {3798},
year = 2014,
}

@article{ghio,
author = {C.-C. Chen and J. Miao and C. W. Wang and T. K. Lee},
title = {Application of optimization technique to noncrystalline x-ray diffraction microscopy: Guided hybrid input-output method},
journal = {Phys. Rev. B},
volume = {76},
pages = {064113},
year = 2007,
}

@article{sw,
author = {S. Marchesini and H. He and H. N. Chapman and S. P. Hau-Riege and A. Noy and M. R. Howells and U. Weierstall and J. C. H. Spence},
title = {X-ray image reconstruction from a diffraction pattern alone},
journal = {Phys. Rev. B},
volume = {68},
pages = {14101(R)},
year = 2003,
}


